
@misc{Arnab2006,
	author = {Arnab De , Deepak Dâ€™Souza and Rupesh Nasre},
	title = {Dataflow Analysis for Datarace-Free Programs},
	school = {Computer Science and Automation
	Indian Institute of Science, India},
	year = {2010},
	}

@misc{liveness,
	author = "Uday P. Khedker, Alan Mycroft and Prashant Singh Rawat",
	title  = "Liveness-Based pointer analysis",
	note = "SAS'12 Proceedings of the 19th international conference on Static Analysis",
	year = "2012"
	}

@misc{slides,
	author = "Uday P. Khedker",
	title  = "Slides on Interprocedural Data Flow Analysis",
	note = " Department of Computer Science and Engineering, Indian Institute of Technology, Bombay.",
	year = "2013"
	}

@misc{vasco,
	author = "Rohan Padhye and Uday P. Khedker",
	title  = "Interprocedural Data Flow Analysis in Soot using Value Contexts",
	note = "In the Proceedings of the 2nd ACM SIGPLAN",
	year = "2013"
	}

@misc{hra,
	author = "Uday P. Khedker, Amitabha Sanyal, and Amey Karkar",
	title  = "Heap Reference Analysis Using Access Graphs",
	note = "ACM Transactions on Programming Languages and Systems",
	year = "2007"
	}

@misc{btpreport,
	author = "Aditya Bhandari",
	title = "Data Flow Analysis for Concurrent Programs",
	note = "BTP Thesis, Department of Computer Science and Engineering, Indian Institute of Technology, Bombay.",
	year = "2013"
	}
	
@misc{mtpreport,
	author = "Alefiya Lightwala",
	title = "Interprocedural Liveness Based Heap
	Points-to Analysis for Java",
	note = "MTP Thesis, Department of Computer Science and Engineering, Indian Institute of Technology, Bombay.",
	year = "2013"
}	

@unpublished{sootguide,
	author               = {Arni Einarsson and Janus Dam Nielsen},
	month                = {July},
	note                 = {Notes for the {Soot} framework from McGill University},
	title                = {A Survivor's Guide to Java Program Analysis with Soot},
	year                 = {2008},
}
